%%%%%%%%%%%%%%%%%%%%%%%%%%%%%%%%%%%%%%%%%%%%%%%%%%%%%%%%%%%%%%%%%%%%%%%%%%
%%
%% List of References used for your Seminar Paper
%%
%%%%%%%%%%%%%%%%%%%%%%%%%%%%%%%%%%%%%%%%%%%%%%%%%%%%%%%%%%%%%%%%%%%%%%%%%%

@article{Sha48,
  author = {Shannon, Claude Elwood},
  journal = {The Bell System Technical Journal},
  pages = {379--423},
  title = {A Mathematical Theory of Communication},
  volume = 27,
  year = 1948
}

@book{BertGal92,
    author = {Bertsekas, Dimitri P. and Gallager, Robert G.},
    title = {Data Networks},
    publisher = {Prentice-Hall, Englewood Cliffs},
    edition = {Second},
    year = {1992}
}

@book{Cov12,
    author = {Cover, Thomas M. and Thomas, Joy A.},
    title = {{Elements of Information Theory}},
    publisher = {John Wiley \& Sons},
    year = {2012}
}

@online{THI23,
    author = {{THI Library}},
    title = {Citing rules according to \enquote{OU Harvard Guide to Citing References}},
    year = 2023,
    url = {https://moodle.thi.de/mod/resource/view.php?id=126058},
    urldate = {27.02.2024}
}

@online{JW06,
    author = {Widom, Jennifer},
    title = {Tips for Writing Technical Papers},
    year = 2006,
    url = {https://cs.stanford.edu/people/widom/paper-writing.html#appendices},
    urldate = {27.02.2024}
}

@online{Oet23,
    author = {Oetiker, Tobias and others},
    title = {The Not So Short Introduction to {\LaTeX}},
    url = {https://tobi.oetiker.ch/lshort/lshort.pdf},
    year = 2023,
    urldate = {27.02.2024}
}

@online{TUG,
    author = {{{\TeX} Users Group}},
    title = {{\TeX} Resources on the Web},
    url = {https://tug.org/interest.html},
    year = 2024,
    urldate = {27.02.2024}
}

@online{Stu12,
    author = {William Stunk},
    title = {The Elements of Style},
    url = {https://www.gutenberg.org/ebooks/37134},
    year = 2012,
    urldate = {27.02.2024}
}

@online{IEEEstyleguide,
    author = {{IEEE Publishing Operations}},
    title = {{IEEE} Editorial Style Manual for Authors},
    url = {http://journals.ieeeauthorcenter.ieee.org/wp-content/uploads/sites/7/IEEE-Editorial-Style-Manual-for-Authors.pdf},
    year = 2024,
    urldate = {27.02.2024}
}

@book{Gol06,
  title={Writing for Science},
  author={Goldbort, Robert},
  isbn={9780300117936},
  year={2006},
  publisher={Yale University Press}
}
